@article{karlis_ntzoufras_2003, title={Analysis of sports data by using bivariate Poisson models}, volume={52}, url={https://rss.onlinelibrary.wiley.com/doi/abs/10.1111/1467-9884.00366}, DOI={10.1111/1467-9884.00366}, number={3}, journal={Journal of the Royal Statistical Society: Series D (The Statistician)}, author={Karlis, Dimitris and Ntzoufras, Ioannis}, year={2003}, pages={381–393}} 

@article{baio_blangiardo_2010, title={Bayesian hierarchical model for the prediction of football results}, volume={37}, url={https://discovery.ucl.ac.uk/id/eprint/16040/1/16040.pdf}, DOI={10.1080/02664760802684177}, number={2}, journal={Journal of Applied Statistics}, author={Baio, Gianluca and Blangiardo, Marta}, year={2010}, pages={253–264}} 

@article{aitchison_ho_1989, title={The multivariate Poisson-log normal distribution}, volume={76}, DOI={10.1093/biomet/76.4.643}, number={4}, journal={Biometrika}, author={Aitchison, J. and Ho, C. H.}, year={1989}, pages={643–653}} 

@article{baboota_kaur_2019, title={Predictive analysis and modelling football results using machine learning approach for English Premier League}, volume={35}, DOI={10.1016/j.ijforecast.2018.01.003}, number={2}, journal={International Journal of Forecasting}, author={Baboota, Rahul and Kaur, Harleen}, year={2019}, pages={741–755}} 

@article{diniz_izbicki_lopes_salasar_2018, title={Comparing probabilistic predictive models applied to football}, volume={70}, DOI={10.1080/01605682.2018.1457485}, number={5}, journal={Journal of the Operational Research Society}, author={Diniz, Marcio Alves and Izbicki, Rafael and Lopes, Danilo and Salasar, Luis Ernesto}, year={2018}, pages={770–782}} 

@article{sadeghkhani_ahmed_2019, title={A Bayesian Approach to Predict the Number of Goals in Hockey}, volume={2}, DOI={10.3390/stats2020017}, number={2}, journal={Stats}, author={Sadeghkhani, Abdolnasser and Ahmed, Seyed}, year={2019}, pages={228–238}}